@article{Hyper-Hypo2019,
	archivePrefix = {arXiv},
	arxivId = {1806.00706},
	author = {Peshkov, Ilya and Boscheri, Walter and Loub{\`{e}}re, 
	Rapha{\"{e}}l and Romenski, Evgeniy and Dumbser, Michael},
	doi = {10.1016/j.jcp.2019.02.039},
	eprint = {1806.00706},
	issn = {00219991},
	journal = {Journal of Computational Physics},
	month = {jun},
	pages = {481--521},
	title = {{Theoretical and numerical comparison of hyperelastic and 
	hypoelastic formulations for Eulerian non-linear elastoplasticity}},
	url = {http://arxiv.org/abs/1806.00706 
	https://linkinghub.elsevier.com/retrieve/pii/S0021999119301561 
	https://doi.org/10.1016/j.jcp.2019.02.039},
	volume = {387},
	year = {2019}
}

@book{Ruggeri2015,
address = {Cham},
author = {Ruggeri, Tommaso and Sugiyama, Masaru},
booktitle = {Rational Extended Thermodynamics beyond the Monatomic Gas},
doi = {10.1007/978-3-319-13341-6},
isbn = {978-3-319-13340-9},
pages = {1--376},
publisher = {Springer International Publishing},
title = {{Rational Extended Thermodynamics beyond the Monatomic Gas}},
url = {http://link.springer.com/10.1007/978-3-319-13341-6},
year = {2015}
}

@incollection{HYP2016,
	address = {Cham},
	author = {Dumbser, Michael and Peshkov, Ilya and Romenski, Evgeniy},
	booktitle = {Theory, Numerics and Applications of Hyperbolic Problems II. 
	HYP 2016},
	doi = {10.1007/978-3-319-91548-7_34},
	editor = {Klingenberg, Christian and Westdickenberg, Michael},
	isbn = {978-3-319-91547-0},
	issn = {21941017},
	pages = {451--463},
	publisher = {Springer International Publishing},
	series = {Springer Proceedings in Mathematics and Statistics},
	title = {{A Unified Hyperbolic Formulation for Viscous Fluids and 
	Elastoplastic Solids}},
	url = {http://dx.doi.org/10.1007/978-3-319-91548-7{\_}34 
	http://arxiv.org/abs/1705.02151 
	http://link.springer.com/10.1007/978-3-319-91548-7{\_}34},
	volume = {237},
	year = {2018}
}

@article{HPR2016,
	author = {Peshkov, Ilya and Romenski, Evgeniy},
	doi = {10.1007/s00161-014-0401-6},
	issn = {0935-1175},
	journal = {Continuum Mechanics and Thermodynamics},
	keywords = {Irreversible deformation,N,[Hyperbolic equations},
	month = {mar},
	number = {1-2},
	pages = {85--104},
	title = {{A hyperbolic model for viscous Newtonian flows}},
	url = {https://link.springer.com/article/10.1007{\%}2Fs00161-014-0401-6 
	http://link.springer.com/10.1007/s00161-014-0401-6},
	volume = {28},
	year = {2016}
}

@article{Friedrichs1958,
	author = {Friedrichs, K O},
	doi = {10.1002/cpa.3160110306},
	issn = {00103640},
	journal = {Communications on Pure and Applied Mathematics},
	month = {aug},
	number = {3},
	pages = {333--418},
	title = {{Symmetric positive linear differential equations}},
	url = {http://doi.wiley.com/10.1002/cpa.3160110306},
	volume = {11},
	year = {1958}
}

@article{SHTC-GENERIC-CMAT,
	archivePrefix = {arXiv},
	arxivId = {1710.00058},
	author = {Peshkov, Ilya and Pavelka, Michal and Romenski, Evgeniy and 
	Grmela, Miroslav},
	doi = {10.1007/s00161-018-0621-2},
	eprint = {1710.00058},
	issn = {0935-1175},
	journal = {Continuum Mechanics and Thermodynamics},
	month = {nov},
	number = {6},
	pages = {1343--1378},
	title = {{Continuum mechanics and thermodynamics in the Hamilton and the 
	Godunov-type formulations}},
	url = {http://link.springer.com/10.1007/s00161-018-0621-2 
	https://arxiv.org/abs/1710.00058 
	https://link.springer.com/article/10.1007{\%}2Fs00161-018-0621-2 
	http://arxiv.org/abs/1710.00058},
	volume = {30},
	year = {2018}
}

@article{God1961,
	author = {Godunov, S K},
	journal = {Dokl. Akad. Nauk SSSR},
	pages = {521--523},
	title = {{An interesting class of quasilinear systems}},
	volume = {139(3)},
	year = {1961}
}

@article{Godunov1996,
	author = {Godunov, S. K. and Mikha{\^{i}}lova, T. Yu. and Romenski{\^{i}}, 
	E. I.},
	doi = {10.1007/BF02104662},
	issn = {0037-4466},
	journal = {Siberian Mathematical Journal},
	month = {jul},
	number = {4},
	pages = {690--705},
	publisher = {Springer},
	title = {{Systems of thermodynamically coordinated laws of conservation 
	invariant under rotations}},
	url = {http://link.springer.com/10.1007/BF02104662},
	volume = {37},
	year = {1996}
}    

@article{Khoei2011,
	author = {Khoei, A.R. and Mohammadnejad, T.},
	doi = {10.1016/j.compgeo.2010.10.010},
	issn = {0266352X},
	journal = {Computers and Geotechnics},
	month = {mar},
	number = {2},
	pages = {142--166},
	publisher = {Elsevier},
	title = {{Numerical modeling of multiphase fluid flow in deforming porous 
	media: A comparison 
	between two- and three-phase models for seismic analysis of earth and 
	rockfill dams}},
	url = {https://www.sciencedirect.com/science/article/pii/S0266352X10001400 
	https://linkinghub.elsevier.com/retrieve/pii/S0266352X10001400},
	volume = {38},
	year = {2011}
}

@article{Biot1956,
author = {Biot, M.A.},
title = {{Theory of propagation of elastic waves in fluid-saturated porous solid. I. Low-frequency range}},
journal = {Journal of the Acoustical Society of America},
volume = {28},
number = {2},
pages = {168-178},
year = {1956}
}

@article{Biot1956a,
author = {Biot, M.A.},
title = {{Theory of propagation of elastic waves in a fluid-saturated porous solid. II. Higher frequency range}},
journal = {Journal of the Acoustical Society of America},
volume = {28},
number = {2},
pages = {179-191},
year = {1956}
}

@article{Biot1962,
author = {Biot, M.A.},
title = {{Mechanics of deformation and acoustic propagation in porous media:}},
journal = {Journal of Applied Physics},
volume = {33},
number = {4},
pages = {1482-1498},
year = {1962}
}

@book{BlokhinDorovsky1995,
author = {Blokhin, A M and Dorovsky, V N},
pages = {183},
publisher = {Nova Science Publishers Inc., New York},
title = {{Mathematical Modelling in the Theory of Multivelocity Continuum}},
url = {https://www.brownsbfs.co.uk/Product/Blokhin-A-M/Mathematical-Modelling-in-the-Theory-of-Multivelocity-Continuum/9781560722403},
year = {1995}
}



@article{DPRZ2016,
archivePrefix = {arXiv},
arxivId = {1511.08995},
author = {Dumbser, Michael and Peshkov, Ilya and Romenski, Evgeniy and Zanotti, Olindo},
doi = {10.1016/j.jcp.2016.02.015},
eprint = {1511.08995},
issn = {00219991},
journal = {Journal of Computational Physics},
month = {jun},
pages = {824--862},
title = {{High order ADER schemes for a unified first order hyperbolic formulation of continuum 
mechanics: Viscous heat-conducting fluids and elastic solids}},
url = {http://dx.doi.org/10.1016/j.jcp.2016.02.015},
volume = {314},
year = {2016}
}

@article{DPRZ2017,
archivePrefix = {arXiv},
arxivId = {1612.02093},
author = {Dumbser, Michael and Peshkov, Ilya and Romenski, Evgeniy and Zanotti, Olindo},
doi = {10.1016/j.jcp.2017.07.020},
eprint = {1612.02093},
issn = {00219991},
journal = {Journal of Computational Physics},
pages = {298--342},
publisher = {Elsevier Inc.},
title = {{High order ADER schemes for a unified first order hyperbolic 
formulation of Newtonian continuum mechanics coupled with electro-dynamics}},
volume = {348},
year = {2017}
}

@InProceedings{Godunov:1995a,
 author = {S. K. Godunov and E. I. Romenski},
 title = "{Thermodynamics, conservation laws, and symmetric forms of
differential equations in mechanics of continuous media}",
 year = 1995,
 booktitle = "{Computational Fluid Dynamics Review 95}",
 publisher= "{John Wiley, NY}",
 pages = {19--31},
 }

@book{Godrom2003,
author = {Godunov, S. K. and Romenskii,  E.},
pages = {258},
publisher = {Springer US},
title = {{Elements of Continuum Mechanics and Conservation Laws}},
year = {2003}
}


@article{Masson2006,
author = {Masson, Y. J. and Pride, S. R. and Nihei, K. T.},
title = {Finite difference modeling of Biot's poroelastic equations at seismic frequencies},
journal = {Journal of Geophysical Research: Solid Earth},
volume = {111,},
number = {B10305},
year={2006},
doi = {10.1029/2006JB004366}
}

@article{Carcione2010,
author = {Carcione, Jos{\'{e}} M. and Morency, Christina and Santos, Juan E.},
doi = {10.1190/1.3474602},
file = {:home/peshenator/Documents/MendeleyDesktop/Carcione, Morency, Santos - 2010 - Computational poroelasticity — A review.pdf:pdf},
issn = {0016-8033},
journal = {Geophysics},
number = {5},
pages = {75A229--75A243},
title = {{Computational poroelasticity — A review}},
volume = {75},
year = {2010}
}

@article{Merxhani2016,
archivePrefix = {arXiv},
arxivId = {1607.04274},
author = {Merxhani, Andi},
eprint = {1607.04274},
isbn = {9780486664347},
pages = {1--38},
title = {{An introduction to linear poroelasticity}},
url = {http://arxiv.org/abs/1607.04274},
year = {2016}
}

@Article{Ndanou2014,
author="Ndanou, S.
and Favrie, N.
and Gavrilyuk, S.",
title="Criterion of Hyperbolicity in Hyperelasticity in the Case of the Stored Energy in Separable Form",
journal="Journal of Elasticity",
year="2014",
month="Mar",
day="01",
volume="115",
number="1",
pages="1--25",
issn="1573-2681",
doi="10.1007/s10659-013-9440-7",
url="https://doi.org/10.1007/s10659-013-9440-7"
}


@article{Ruggeri1992,
author = {Muracchini, A and Ruggeri, T and Seccia, L},
journal = {Wave Motion},
number = {2},
pages = {143--158},
publisher = {Elsevier},
title = {{Dispersion relation in the high frequency limit and non linear wave stability for 
hyperbolic dissipative systems}},
volume = {15},
year = {1992}
}

@article{Pesavento2017,
author = {Pesavento, Francesco and Schrefler, Bernhard A. and Scium{\`{e}}, Giuseppe},
doi = {10.1007/s11831-016-9171-6},
issn = {1134-3060},
journal = {Archives of Computational Methods in Engineering},
month = {apr},
number = {2},
pages = {423--448},
publisher = {Springer Netherlands},
title = {{Multiphase Flow in Deforming Porous Media: A Review}},
url = {http://link.springer.com/10.1007/s11831-016-9171-6},
volume = {24},
year = {2017}
}

@article{PeshGrmRom2015,
author = {Peshkov, I. and Grmela, M. and Romenski, E.},
doi = {10.1007/s00161-014-0386-1},
issn = {09351175},
journal = {Continuum Mechanics and Thermodynamics},
month = {nov},
number = {6},
pages = {905--940},
publisher = {Springer Berlin Heidelberg},
title = {{Irreversible mechanics and thermodynamics of two-phase continua experiencing 
stress-induced solid-fluid transitions}},
volume = {27},
year = {2015}
}

@Article{Peshkov2018,
author="Peshkov, Ilya
and Pavelka, Michal
and Romenski, Evgeniy
and Grmela, Miroslav",
title="Continuum mechanics and thermodynamics in the Hamilton and the Godunov-type formulations",
journal="Continuum Mechanics and Thermodynamics",
year="2018",
month="Nov",
day="01",
volume="30",
number="6",
pages="1343--1378",
issn="1432-0959",
doi="10.1007/s00161-018-0621-2",
url="https://doi.org/10.1007/s00161-018-0621-2"
}

@article{Rohan2017,
author = {Rohan, Eduard and Luke{\v{s}}, Vladim{\'{i}}r},
doi = {10.1016/j.advengsoft.2016.11.003},
issn = {09659978},
journal = {Advances in Engineering Software},
month = {nov},
pages = {84--95},
publisher = {Elsevier},
title = {{Modeling large-deforming fluid-saturated porous media using an Eulerian incremental 
formulation}},
volume = {113},
year = {2017}
}

@Article{Rom1998,
  Title                    = {Hyperbolic systems of thermodynamically compatible conservation laws in continuum mechanics},
  Author                   = {E.I. Romenski},
  Journal                  = {Mathematical and computer modelling},
  Year                     = {1998},
  Pages                    = {115--130},
  Volume                   = {28(10)},
}

@Article{Romenski2001,
  Title                    = {Thermodynamics and Hyperbolic Systems of Balance Laws in Continuum Mechanics},
  Author                   = {E.I. Romensky},
  Journal                  = {In: Toro E.F. (eds) Godunov Methods. Springer, Boston, MA},
  Year                     = {2001},
  Pages                    = {745-761}
 }

@article{Romenski2007,
author = {Romenski, E and Resnyansky, A D and Toro, E F},
journal = {Quarterly of applied mathematics},
number = {2},
pages = {259--279},
title = {{Conservative hyperbolic model for compressible two-phase flow with different phase pressures and temperatures}},
volume = {65(2)},
year = {2007}
}

@article{RomDrikToro2010,
author = {Romenski, E and Drikakis, D and Toro, E},
journal = {Journal of Scientific Computing},
pages = {68--95},
title = {{Conservative Models and Numerical Methods for Compressible Two-Phase Flow}},
volume = {42(1)},
year = {2010}
}

@article{Romenski2016,
archivePrefix = {arXiv},
arxivId = {1405.3456},
author = {Romenski, Evgeniy and Belozerov, Alexander A. and Peshkov, Ilya M.},
doi = {10.1090/qam/1409},
eprint = {1405.3456},
issn = {0033-569X},
journal = {Quarterly of Applied Mathematics},
keywords = {Four phase flow,Hyperbolic,[Finite-volume method},
month = {dec},
number = {1},
pages = {113--136},
title = {{Conservative formulation for compressible multiphase flows}},
url = {http://arxiv.org/abs/1405.3456 http://www.ams.org/qam/2016-74-01/S0033-569X-2015-01409-0/},
volume = {74},
year = {2016}
}

@article{Wilmanski2006,
author = {Wilmanski, K.},
doi = {10.1016/j.soildyn.2006.01.006},
issn = {02677261},
journal = {Soil Dynamics and Earthquake Engineering},
month = {jun},
number = {6-7},
pages = {509--536},
title = {{A few remarks on Biot's model and linear acoustics of poroelastic saturated materials}},
url = {https://linkinghub.elsevier.com/retrieve/pii/S0267726106000078},
volume = {26},
year = {2006}
}

@article{Wilmanski1998,
author = {Wilmanski, Krzysztof},
doi = {10.1023/A:1006563932061},
issn = {01693913},
journal = {Transport in Porous Media},
number = {1},
pages = {21--47},
publisher = {Kluwer Academic Publishers},
title = {{A Thermodynamic Model of Compressible Porous Materials with the Balance Equation of 
Porosity}},
url = {http://link.springer.com/10.1023/A:1006563932061},
volume = {32},
year = {1998}
}

@article{Winkler1989,
author = {Winkler, Kenneth W. and Liu, Hsui‐Lin and Johnson, David Linton},
doi = {10.1190/1.1442578},
file = {:home{\_}pers/peshkov/Documents/Mendeley Desktop/Winkler, Liu, Johnson - 1989 - 
Permeability and borehole Stoneley waves Comparison between experiment and theory.pdf:pdf},
issn = {0016-8033},
journal = {GEOPHYSICS},
month = {jan},
number = {1},
pages = {66--75},
title = {{Permeability and borehole Stoneley waves: Comparison between experiment and theory}},
url = {http://library.seg.org/doi/10.1190/1.1442578},
volume = {54},
year = {1989}
}

@article{Virieux1986,
    author = {Virieux, Jean},
    title = "{P-SV wave propagation in heterogeneous media; velocity-stress finite-difference method}",
    journal = {Geophysics},
    volume = {51},
    number = {4},
    pages = {889-901},
    year = {1986},
    month = {04},
    issn = {0016-8033},
    doi = {10.1190/1.1442147},
    url = {https://doi.org/10.1190/1.1442147},
    eprint = {https://pubs.geoscienceworld.org/geophysics/article-pdf/51/4/889/3164391/889.pdf},
}


@article{Levander1988,
    author = {Levander, Alan R.},
    title = "{Fourth-order finite-difference P-SV seismograms}",
    journal = {Geophysics},
    volume = {53},
    number = {11},
    pages = {1425-1436},
    year = {1988},
    month = {11},
   issn = {0016-8033},
    doi = {10.1190/1.1442422},
    url = {https://doi.org/10.1190/1.1442422},
    eprint = {https://pubs.geoscienceworld.org/geophysics/article-pdf/53/11/1425/3158940/1425.pdf},
}

@article{Graves1996,
    author = {Graves, Robert W.},
    title = "{Simulating seismic wave propagation in 3D elastic media using staggered-grid finite differences}",
    journal = {Bulletin of the Seismological Society of America},
    volume = {86},
    number = {4},
    pages = {1091-1106},
    year = {1996},
    month = {08},
    issn = {0037-1106},
    eprint = {https://pubs.geoscienceworld.org/bssa/article-pdf/86/4/1091/2708818/BSSA0860041091.pdf},
}

@article{Moszo2002,
	author={Moczo, P. and Kristek, J. and Vavrycuk, V. and Archuleta, R. J. and Halada, L.},
	title={3D heterogeneous staggered-grid finite-difference
   modeling of seismic motion with volume harmonic and arithmetic  averaging of 
   elastic moduli and densities},
           journal = {Bull. Seism. Soc. Am.},
           volume = {92},
           number = {8},
           pages = {3042-3066},
           year = {2002},
}
            
@book{Samarskii2001,
author = {Samarskii, A. A.},
pages = {786},
publisher = {CRC Press},
title = {{The Theory of Difference Schemes}},
year = {2001}
}

@article{Gurevich2015,
author = {Boris Gurevich and Roman Pevzner},
title = {How frequency dependency of Q affects spectral ratio estimates},
journal = {GEOPHYSICS},
volume = {80},
number = {2},
pages = {A39-A44},
year = {2015},
doi = {10.1190/geo2014-0418.1},
URL = { 
        https://doi.org/10.1190/geo2014-0418.1},
eprint = { 
        https://doi.org/10.1190/geo2014-0418.1},    
}

@article{Caspari2019,
author = {Caspari, Eva and Novikov, Mikhail and Lisitsa, Vadim and Barbosa, Nicol\'{a}s  D. and Quintal, Beatriz and Rubino, J. Germ\'{a}n and Holliger, Klaus},
title = {Attenuation mechanisms in fractured fluid-saturated porous rocks: a numerical modelling study},
journal = {Geophysical Prospecting},
volume = {67},
number = {4},
pages = {935-955},
keywords = {Attenuation, Numerical study, Rock Physics},
doi = {10.1111/1365-2478.12667},
url = {https://onlinelibrary.wiley.com/doi/abs/10.1111/1365-2478.12667},
eprint = {https://onlinelibrary.wiley.com/doi/pdf/10.1111/1365-2478.12667},
year = {2019},
}
